<record><leader>00000cas a2200000 a 4500</leader><controlfield tag="001">9657748</controlfield><controlfield tag="008">830629d1873187uiluwr ne      0   b0swe c</controlfield><datafield ind1=" " ind2=" " tag="010"><subfield code="a">sn 83045800 </subfield></datafield><datafield ind1=" " ind2=" " tag="040"><subfield code="a">CRL</subfield><subfield code="b">eng</subfield><subfield code="c">CRL</subfield><subfield code="d">NPW</subfield><subfield code="d">NPU</subfield><subfield code="d">NVF</subfield><subfield code="d">MGN</subfield><subfield code="d">NVF</subfield><subfield code="d">OCLCQ</subfield><subfield code="d">NVF</subfield><subfield code="d">OCLCQ</subfield><subfield code="d">OCLCF</subfield><subfield code="d">NVF</subfield><subfield code="d">OCLCO</subfield><subfield code="d">OCL</subfield></datafield><datafield ind1=" " ind2=" " tag="042"><subfield code="a">pcc</subfield></datafield><datafield ind1=" " ind2=" " tag="043"><subfield code="a">n-us-il</subfield></datafield><datafield ind1="0" ind2="0" tag="245"><subfield code="a">Nya Svenska Amerikanaren.</subfield></datafield><datafield ind1=" " ind2=" " tag="260"><subfield code="a">Chicago, Ill. :</subfield><subfield code="b">C.J. Stenquist,</subfield><subfield code="c">1873-[187-?]</subfield></datafield><datafield ind1=" " ind2=" " tag="300"><subfield code="a">v.</subfield></datafield><datafield ind1=" " ind2=" " tag="310"><subfield code="a">Weekly</subfield></datafield><datafield ind1="0" ind2=" " tag="362"><subfield code="a">1 A&#778;rg., no. 1 (21 april 1873)-</subfield></datafield><datafield ind1=" " ind2=" " tag="546"><subfield code="a">In Swedish.</subfield></datafield><datafield ind1=" " ind2=" " tag="580"><subfield code="a">Merged with: Nya verlden (Galva, Ill.), to form: Svenska tribunen (Chicago, Ill. : 1877).</subfield></datafield><datafield ind1=" " ind2=" " tag="588"><subfield code="a">Latest issue consulted: Sept. 6, 1877.</subfield></datafield><datafield ind1=" " ind2="0" tag="650"><subfield code="a">Swedes</subfield><subfield code="z">Illinois</subfield><subfield code="z">Chicago</subfield><subfield code="v">Newspapers.</subfield></datafield><datafield ind1=" " ind2="0" tag="650"><subfield code="a">Swedish Americans</subfield><subfield code="z">Illinois</subfield><subfield code="z">Chicago</subfield><subfield code="v">Newspapers.</subfield></datafield><datafield ind1=" " ind2="0" tag="650"><subfield code="a">Swedish American newspapers</subfield><subfield code="z">Illinois</subfield><subfield code="z">Chicago.</subfield></datafield><datafield ind1=" " ind2="0" tag="651"><subfield code="a">Chicago (Ill.)</subfield><subfield code="v">Newspapers.</subfield></datafield><datafield ind1=" " ind2="7" tag="650"><subfield code="a">Swedes.</subfield><subfield code="2">fast</subfield><subfield code="0">(OCoLC)fst01139996</subfield></datafield><datafield ind1=" " ind2="7" tag="650"><subfield code="a">Swedish Americans.</subfield><subfield code="2">fast</subfield><subfield code="0">(OCoLC)fst01140023</subfield></datafield><datafield ind1=" " ind2="7" tag="650"><subfield code="a">Swedish American newspapers.</subfield><subfield code="2">fast</subfield><subfield code="0">(OCoLC)fst01140200</subfield></datafield><datafield ind1=" " ind2="7" tag="651"><subfield code="a">Illinois</subfield><subfield code="z">Chicago.</subfield><subfield code="2">fast</subfield><subfield code="0">(OCoLC)fst01204048</subfield></datafield><datafield ind1=" " ind2="7" tag="655"><subfield code="a">Newspapers.</subfield><subfield code="2">fast</subfield><subfield code="0">(OCoLC)fst01423814</subfield></datafield><datafield ind1=" " ind2=" " tag="752"><subfield code="a">United States</subfield><subfield code="b">Illinois</subfield><subfield code="c">Cook</subfield><subfield code="d">Chicago.</subfield></datafield><datafield ind1="0" ind2="0" tag="780"><subfield code="t">Svenska amerikanaren (Chicago, Ill. : 1866)</subfield><subfield code="w">(DLC)sn2004061911</subfield><subfield code="w">(OCoLC)37381946</subfield></datafield><datafield ind1="1" ind2="7" tag="785"><subfield code="t">Nya verlden (Galva, Ill.)</subfield><subfield code="w">(DLC)sn 84038719</subfield><subfield code="w">(OCoLC)11464184</subfield></datafield><datafield ind1="1" ind2="7" tag="785"><subfield code="t">Svenska tribunen (Chicago, Ill. : 1877)</subfield><subfield code="w">(DLC)sn 83045731</subfield><subfield code="w">(OCoLC)9601871</subfield></datafield><datafield ind1="1" ind2=" " tag="029"><subfield code="a">AU@</subfield><subfield code="b">000020419225</subfield></datafield></record>